@article{Burkner2018_AdvancedBayesianMultilevel,
  title = {Advanced {{Bayesian}} Multilevel Modeling with the {{R}} Package {{brms}}},
  author = {Bürkner, Paul-Christian},
  date = {2018},
  journaltitle = {The R Journal},
  volume = {10},
  number = {1},
  pages = {395--411},
  doi = {10.32614/RJ-2018-017},
  encoding = {UTF-8},
  keywords = {balicek}
}

@article{CarpenterEtAl2017_StanProbabilisticProgramming,
  title = {Stan : {{A Probabilistic Programming Language}}},
  shorttitle = {Stan},
  author = {Carpenter, Bob and Gelman, Andrew and Hoffman, Matthew D. and Lee, Daniel and Goodrich, Ben and Betancourt, Michael and Brubaker, Marcus and Guo, Jiqiang and Li, Peter and Riddell, Allen},
  date = {2017},
  journaltitle = {Journal of Statistical Software},
  shortjournal = {J. Stat. Soft.},
  volume = {76},
  number = {1},
  issn = {1548-7660},
  doi = {10.18637/jss.v076.i01},
  url = {http://www.jstatsoft.org/v76/i01/},
  urldate = {2024-09-15},
  langid = {english},
  keywords = {literatura},
  file = {C:\Users\Mike\Zotero\storage\B83GIHYJ\Carpenter et al. - 2017 - Stan  A Probabilistic Programming Language.pdf}
}

@manual{ChangEtAl2024_ShinyWebApplication,
  type = {manual},
  title = {Shiny: {{Web}} Application Framework for {{R}}},
  author = {Chang, Winston and Cheng, Joe and family=Allaire, given=JJ, given-i=JJ and Sievert, Carson and Schloerke, Barret and Xie, Yihui and Allen, Jeff and McPherson, Jonathan and Dipert, Alan and Borges, Barbara},
  date = {2024},
  url = {https://CRAN.R-project.org/package=shiny},
  keywords = {balicek}
}

@article{ChungEtAl2013_NondegeneratePenalizedLikelihood,
  title = {A Nondegenerate Penalized Likelihood Estimator for Variance Parameters in Multilevel Models},
  author = {Chung, Yeojin and Rabe-Hesketh, Sophia and Dorie, Vincent and Gelman, Andrew and Liu, Jingchen},
  date = {2013},
  journaltitle = {Psychometrika},
  volume = {78},
  number = {4},
  pages = {685--709},
  publisher = {Springer},
  doi = {10.1007/s11336-013-9328-2},
  keywords = {balicek}
}

@manual{Curtis2018_McmcplotsCreatePlots,
  type = {manual},
  title = {Mcmcplots: {{Create}} Plots from {{MCMC}} Output},
  author = {Curtis, S. McKay},
  date = {2018},
  url = {https://CRAN.R-project.org/package=mcmcplots},
  keywords = {balicek}
}

@book{DankoSafr2020_SnadnoRychleUvod,
  title = {R snadno a rychle 1: Úvod do jazyka},
  author = {Danko, Jakub and Šafr, Karel},
  date = {2020},
  edition = {1. vydání v elektronické podobě},
  pages = {161},
  publisher = {Fakulta informatiky a statistiky (FIS)},
  url = {https://oeconomica.vse.cz/wp-content/uploads/Danko_Safr_R-snadno-a-rychle_1.pdf},
  isbn = {978-80-245-2380-4},
  langid = {slovenština},
  keywords = {literatura}
}

@article{Denwood2016_RunjagsPackageProviding,
  title = {{{runjags}}: {{An R}} Package Providing Interface Utilities, Model Templates, Parallel Computing Methods and Additional Distributions for {{MCMC}} Models in {{JAGS}}},
  author = {Denwood, Matthew J.},
  date = {2016},
  journaltitle = {Journal of Statistical Software},
  volume = {71},
  number = {9},
  pages = {1--25},
  doi = {10.18637/jss.v071.i09},
  keywords = {balicek}
}

@manual{Denwood2023_BayescountPowerCalculations,
  type = {manual},
  title = {Bayescount: {{Power}} Calculations and Bayesian Analysis of Count Distributions and {{FECRT}} Data Using {{MCMC}}},
  author = {Denwood, Matthew},
  date = {2023},
  url = {https://CRAN.R-project.org/package=bayescount},
  keywords = {balicek}
}

@article{DepaoliEtAl2016_JustAnotherGibbs,
  title = {Just {{Another Gibbs Sampler}} ({{JAGS}}): {{Flexible Software}} for {{MCMC Implementation}}},
  shorttitle = {Just {{Another Gibbs Sampler}} ({{JAGS}})},
  author = {Depaoli, Sarah and Clifton, James P. and Cobb, Patrice R.},
  date = {2016-12},
  journaltitle = {Journal of Educational and Behavioral Statistics},
  shortjournal = {Journal of Educational and Behavioral Statistics},
  volume = {41},
  number = {6},
  pages = {628--649},
  issn = {1076-9986, 1935-1054},
  doi = {10.3102/1076998616664876},
  url = {http://journals.sagepub.com/doi/10.3102/1076998616664876},
  urldate = {2024-09-14},
  abstract = {A review of the software Just Another Gibbs Sampler (JAGS) is provided. We cover aspects related to history and development and the elements a user needs to know to get started with the program, including (a) definition of the data, (b) definition of the model, (c) compilation of the model, and (d) initialization of the model. An example using a latent class model with large-scale education data is provided to illustrate how easily JAGS can be implemented in R. We also cover details surrounding the many programs implementing JAGS. We conclude with a discussion of the newest features and upcoming developments. JAGS is constantly evolving and is developing into a flexible, user-friendly program with many benefits for Bayesian inference.},
  langid = {english},
  keywords = {literatura},
  file = {C:\Users\Mike\Zotero\storage\V9SZBU2I\Depaoli et al. - 2016 - Just Another Gibbs Sampler (JAGS) Flexible Softwa.pdf}
}

@misc{GabryMahr2024_BayesplotPlottingBayesian,
  title = {Bayesplot: {{Plotting}} for Bayesian Models},
  author = {Gabry, Jonah and Mahr, Tristan},
  date = {2024},
  url = {https://mc-stan.org/bayesplot/},
  keywords = {balicek}
}

@manual{GabryVeen2022_ShinystanInteractiveVisual,
  type = {manual},
  title = {Shinystan: {{Interactive}} Visual and Numerical Diagnostics and Posterior Analysis for Bayesian Models},
  author = {Gabry, Jonah and Veen, Duco},
  date = {2022},
  url = {https://CRAN.R-project.org/package=shinystan},
  keywords = {balicek}
}

@article{GelmanEtAl2015_StanProbabilisticProgramming,
  title = {Stan: {{A Probabilistic Programming Language}} for {{Bayesian Inference}} and {{Optimization}}},
  shorttitle = {Stan},
  author = {Gelman, Andrew and Lee, Daniel and Guo, Jiqiang},
  date = {2015-10},
  journaltitle = {Journal of Educational and Behavioral Statistics},
  shortjournal = {Journal of Educational and Behavioral Statistics},
  volume = {40},
  number = {5},
  pages = {530--543},
  issn = {1076-9986, 1935-1054},
  doi = {10.3102/1076998615606113},
  url = {http://journals.sagepub.com/doi/10.3102/1076998615606113},
  urldate = {2024-09-15},
  abstract = {Stan is a free and open-source C++ program that performs Bayesian inference or optimization for arbitrary user-specified models and can be called from the command line, R, Python, Matlab, or Julia and has great promise for fitting large and complex statistical models in many areas of application. We discuss Stan from users’ and developers’ perspectives and illustrate with a simple but nontrivial nonlinear regression example.},
  langid = {english},
  keywords = {literatura},
  file = {C:\Users\Mike\Zotero\storage\YBB5UIZ7\Gelman et al. - 2015 - Stan A Probabilistic Programming Language for Bay.pdf}
}

@misc{GoodrichEtAl2020_RstanarmBayesianApplied,
  title = {Rstanarm: {{Bayesian}} Applied Regression Modeling via {{Stan}}.},
  author = {Goodrich, Ben and Gabry, Jonah and Ali, Imad and Brilleman, Sam},
  date = {2020},
  url = {https://mc-stan.org/rstanarm},
  keywords = {balicek}
}

@article{LudeckeEtAl2021_SeePackageVisualizing,
  title = {{{see}}: {{An R}} Package for Visualizing Statistical Models},
  author = {Lüdecke, Daniel and Patil, Indrajeet and Ben-Shachar, Mattan S. and Wiernik, Brenton M. and Waggoner, Philip and Makowski, Dominique},
  date = {2021},
  journaltitle = {Journal of Open Source Software},
  volume = {6},
  number = {64},
  pages = {3393},
  doi = {10.21105/joss.03393},
  keywords = {balicek}
}

@article{LudeckeEtAl2022_EasystatsFrameworkEasy,
  title = {Easystats: {{Framework}} for Easy Statistical Modeling, Visualization, and Reporting},
  author = {Lüdecke, Daniel and Ben-Shachar, Mattan S. and Patil, Indrajeet and Wiernik, Brenton M. and Bacher, Etienne and Thériault, Rémi and Makowski, Dominique},
  date = {2022},
  journaltitle = {CRAN},
  doi = {10.32614/CRAN.package.easystats},
  url = {https://easystats.github.io/easystats/},
  keywords = {balicek}
}

@article{LunnEtAl2009_BUGSProjectEvolution,
  title = {The {{BUGS}} Project: {{Evolution}}, Critique and Future Directions},
  shorttitle = {The {{BUGS}} Project},
  author = {Lunn, David and Spiegelhalter, David and Thomas, Andrew and Best, Nicky},
  date = {2009-11-10},
  journaltitle = {Statistics in Medicine},
  shortjournal = {Statistics in Medicine},
  volume = {28},
  number = {25},
  pages = {3049--3067},
  issn = {0277-6715, 1097-0258},
  doi = {10.1002/sim.3680},
  url = {https://onlinelibrary.wiley.com/doi/10.1002/sim.3680},
  urldate = {2024-08-27},
  abstract = {BUGS is a software package for Bayesian inference using Gibbs sampling. The software has been instrumental in raising awareness of Bayesian modelling among both academic and commercial communities internationally, and has enjoyed considerable success over its 20‐year life span. Despite this, the software has a number of shortcomings and a principal aim of this paper is to provide a balanced critical appraisal, in particular highlighting how various ideas have led to unprecedented flexibility while at the same time producing negative side effects. We also present a historical overview of the BUGS project and some future perspectives. Copyright © 2009 John Wiley \& Sons, Ltd.},
  langid = {english},
  keywords = {literatura},
  file = {C:\Users\Mike\Zotero\storage\IZRSK4NZ\Lunn et al. - 2009 - The BUGS project Evolution, critique and future d.pdf}
}

@article{MakowskiEtAl2019_BayestestRDescribingEffects,
  title = {{{bayestestR}}: {{Describing}} Effects and Their Uncertainty, Existence and Significance within the Bayesian Framework.},
  author = {Makowski, Dominique and Ben-Shachar, Mattan S. and Lüdecke, Daniel},
  date = {2019},
  journaltitle = {Journal of Open Source Software},
  volume = {4},
  number = {40},
  pages = {1541},
  doi = {10.21105/joss.01541},
  url = {https://joss.theoj.org/papers/10.21105/joss.01541},
  keywords = {balicek}
}

@book{Mala2016_VybraneKapitolyTeorie,
  title = {Vybrané kapitoly z teorie pravděpodobnosti a matematické statistiky},
  author = {Malá, Ivana},
  date = {2016},
  edition = {Vydání první},
  publisher = {Oeconomica, nakladatelství VŠE},
  location = {Praha},
  isbn = {978-80-245-2184-8},
  langid = {czech},
  keywords = {literatura},
  annotation = {OCLC: 1015189925}
}

@book{Marek2012_Pravdepodobnost,
  title = {Pravděpodobnost},
  author = {family=Marek, given=Luboš., given-i={{Luboš}}},
  date = {2012},
  edition = {1. vyd},
  publisher = {Professional Publishing},
  location = {Praha},
  isbn = {978-80-7431-087-4},
  langid = {czech},
  keywords = {literatura},
  annotation = {OCLC: 806200448}
}

@article{MerkleRosseel2018_BlavaanBayesianStructural,
  title = {{{blavaan: Bayesian}} Structural Equation Models via Parameter Expansion},
  author = {Merkle, Edgar C. and Rosseel, Yves},
  date = {2018},
  journaltitle = {Journal of Statistical Software},
  volume = {85},
  number = {4},
  pages = {1--30},
  doi = {10.18637/jss.v085.i04},
  keywords = {balicek}
}

@book{NovakovaVesely2021_JazykTvorbaGrafu,
  title = {Jazyk R a tvorba grafů},
  author = {Nováková, Kateřina and Veselý, Petr},
  date = {2021},
  edition = {První vydání},
  publisher = {Grada Publishing},
  location = {Praha},
  isbn = {978-80-271-3137-2},
  langid = {czech},
  keywords = {literatura},
  annotation = {OCLC: 1302728075}
}

@manual{Plummer2023_RjagsBayesianGraphical,
  type = {manual},
  title = {Rjags: {{Bayesian}} Graphical Models Using {{MCMC}}},
  author = {Plummer, Martyn},
  date = {2023},
  url = {https://CRAN.R-project.org/package=rjags},
  keywords = {balicek}
}

@article{PlummerEtAl2006_CODAConvergenceDiagnosis,
  title = {{{CODA}}: {{Convergence}} Diagnosis and Output Analysis for {{MCMC}}},
  author = {Plummer, Martyn and Best, Nicky and Cowles, Kate and Vines, Karen},
  date = {2006},
  journaltitle = {R News},
  volume = {6},
  number = {1},
  pages = {7--11},
  url = {https://journal.r-project.org/archive/},
  keywords = {balicek}
}

@manual{Pruim2023_FastR2FoundationsApplications,
  type = {manual},
  title = {{{fastR2}}: {{Foundations}} and Applications of Statistics Using {{R}} (2nd Edition)},
  author = {Pruim, Randall},
  date = {2023},
  url = {https://CRAN.R-project.org/package=fastR2},
  keywords = {balicek}
}

@misc{pystan,
  title = {Pystan (3.0.0)},
  author = {Riddell, Allen and Hartikainen, Ari and Carter, Matthew},
  date = {2021-03},
  howpublished = {PyPI},
  keywords = {balicek}
}

@book{SafrDanko2020_SnadnoRychleVizualizace,
  title = {R snadno a rychle 2 – Vizualizace dat a programování},
  author = {Šafr, Karel and Danko, Jakub},
  date = {2020},
  edition = {1. vydání v elektronické podobě},
  pages = {174},
  publisher = {Fakulta informatiky a statistiky (FIS)},
  url = {https://oeconomica.vse.cz/wp-content/uploads/Safr_Danko_R-snadno-a-rychle_2.pdf},
  isbn = {978-80-245-2381-1},
  langid = {czech},
  keywords = {literatura}
}

@manual{spiegelhalter2003winbugs,
  type = {manual},
  title = {{{WinBUGS}} User Manual},
  author = {Spiegelhalter, David and Thomas, Andrew and Best, Nicky and Lunn, Dave},
  date = {2003-01},
  publisher = {{MRC Biostatistics Unit, Institute of Public Health and Department of Epidemiology \& Public Health, Imperial College School of Medicine}},
  location = {Cambridge and London, UK},
  url = {https://legacy.voteview.com/pdf/WINBUGSmanual_2.pdf},
  version = {1.4},
  keywords = {literatura},
  file = {C:\Users\Mike\Zotero\storage\IUUFXFGD\WINBUGSmanual_2.pdf}
}

@manual{StanDevelopmentTeam2024,
  type = {manual},
  title = {Stan User's Guide},
  author = {{Stan Development Team}},
  date = {2024-09-15},
  url = {https://mc-stan.org/docs/stan-users-guide/index.html},
  version = {2.35},
  keywords = {literatura}
}

@misc{StanDevelopmentTeam2024_RStanInterfaceStan,
  title = {{{RStan}}: The {{R}} Interface to {{Stan}}},
  author = {{Stan Development Team}},
  date = {2024},
  url = {https://mc-stan.org/},
  keywords = {balicek}
}

@article{SturtzEtAl2005_R2WinBUGSPackageRunning,
  title = {{{R2WinBUGS}}: A Package for Running {{WinBUGS}} from {{R}}},
  author = {Sturtz, Sibylle and Ligges, Uwe and Gelman, Andrew},
  date = {2005},
  journaltitle = {Journal of Statistical Software},
  volume = {12},
  number = {3},
  pages = {1--16},
  doi = {10.18637/jss.v012.i03},
  keywords = {balicek}
}

@manual{SuYajima2024_R2jagsUsingRun,
  type = {manual},
  title = {R2jags: {{Using R}} to Run '{{JAGS}}'},
  author = {Su, Yu-Sung and Yajima, Masanao},
  date = {2024},
  url = {https://CRAN.R-project.org/package=R2jags},
  keywords = {balicek}
}

@online{TheBayesianScientificWorkingGroup2024_BayesianScientificWork,
  title = {Bayesian {{Scientific Work Group}} -- {{Bayesian Scientific Work Group}}},
  author = {{The Bayesian Scientific Working Group}},
  date = {2024-08-26},
  url = {http://www.bayesianscientific.org/},
  langid = {english},
  keywords = {literatura},
  file = {C:\Users\Mike\Zotero\storage\S9LDG2YB\www.bayesianscientific.org.html}
}

@article{ThomasEtAl2006_MakingBUGSOpen,
  title = {Making {{BUGS}} Open},
  author = {Thomas, Andrew and O'Hara, Bob and Ligges, Uwe and Sturtz, Sibylle},
  date = {2006},
  journaltitle = {R News},
  volume = {6},
  number = {1},
  pages = {12--17},
  url = {https://cran.r-project.org/doc/Rnews/},
  keywords = {balicek}
}

@book{Wickham2016_Ggplot2ElegantGraphics,
  title = {Ggplot2: {{Elegant}} Graphics for Data Analysis},
  author = {Wickham, Hadley},
  date = {2016},
  publisher = {Springer-Verlag New York},
  url = {https://ggplot2.tidyverse.org},
  isbn = {978-3-319-24277-4},
  keywords = {balicek}
}
